<?xml version = "1.0" encoding = "UTF-8"?><record>
  <leader>01431naa#a2200385#c#4500</leader>
  <controlfield tag="005">20210409180319.0</controlfield>
  <controlfield tag="007">tu</controlfield>
  <controlfield tag="008">191128|2019####gw############|||#|#ger#c</controlfield>
  <controlfield tag="003">DE-605</controlfield>
  <controlfield tag="001">990364897030206441</controlfield>
  <datafield tag="035" ind1=" " ind2=" ">
    <subfield code="a">(DE-605)HT020297152</subfield>
  </datafield>
  <datafield tag="040" ind1=" " ind2=" ">
    <subfield code="a">6</subfield>
    <subfield code="b">ger</subfield>
    <subfield code="e">rda</subfield>
  </datafield>
  <datafield tag="041" ind1=" " ind2=" ">
    <subfield code="a">ger</subfield>
  </datafield>
  <datafield tag="044" ind1=" " ind2=" ">
    <subfield code="c">XA-DE-NW</subfield>
  </datafield>
  <datafield tag="084" ind1=" " ind2=" ">
    <subfield code="a">Soest</subfield>
    <subfield code="0">https://nwbib.de/spatial#Q6149</subfield>
    <subfield code="2">nwbib</subfield>
  </datafield>
  <datafield tag="084" ind1=" " ind2=" ">
    <subfield code="a">Konzerte und Musikveranstaltungen</subfield>
    <subfield code="0">https://nwbib.de/subjects#N826000</subfield>
    <subfield code="2">nwbib</subfield>
  </datafield>
  <datafield tag="100" ind1="1" ind2=" ">
    <subfield code="a">Klose, Peter</subfield>
    <subfield code="d">1974-</subfield>
    <subfield code="0">(DE-588)135325900</subfield>
    <subfield code="4">aut</subfield>
    <subfield code="0">(uri) https://portal.dnb.de/opac.htm?method=simpleSearch&amp;cqlMode=true&amp;query=idn=135325900</subfield>
    <subfield code="0">(uri) http://viaf.org/viaf/sourceID/DNB|135325900</subfield>
    <subfield code="B">GND-135325900</subfield>
  </datafield>
  <datafield tag="245" ind1="1" ind2="0">
    <subfield code="a">&lt;&lt;Die&gt;&gt; Erfindung des Rockkonzerts in der Provinz</subfield>
    <subfield code="b">ein praxeologischer Blick auf das Soester &quot;Karussell der Jugend&quot; 1959-1971</subfield>
    <subfield code="c">Peter Klose</subfield>
  </datafield>
  <datafield tag="264" ind1=" " ind2="1">
    <subfield code="c">2019</subfield>
  </datafield>
  <datafield tag="300" ind1=" " ind2=" ">
    <subfield code="b">Illustrationen, Diagramm</subfield>
  </datafield>
  <datafield tag="336" ind1=" " ind2=" ">
    <subfield code="b">txt</subfield>
  </datafield>
  <datafield tag="337" ind1=" " ind2=" ">
    <subfield code="b">n</subfield>
  </datafield>
  <datafield tag="338" ind1=" " ind2=" ">
    <subfield code="b">nc</subfield>
  </datafield>
  <datafield tag="689" ind1="0" ind2="0">
    <subfield code="a">Karussell der Jugend</subfield>
    <subfield code="c">Soest</subfield>
    <subfield code="D">f</subfield>
    <subfield code="0">(DE-588)1200563662</subfield>
    <subfield code="0">(uri) https://portal.dnb.de/opac.htm?method=simpleSearch&amp;cqlMode=true&amp;query=idn=1200563662</subfield>
    <subfield code="0">(uri) http://viaf.org/viaf/sourceID/DNB|1200563662</subfield>
    <subfield code="B">GND-1200563662</subfield>
  </datafield>
  <datafield tag="689" ind1="0" ind2="1">
    <subfield code="a">Geschichte 1959-1971</subfield>
    <subfield code="A">z</subfield>
  </datafield>
  <datafield tag="689" ind1="1" ind2="0">
    <subfield code="a">Allerheiligenkirmes</subfield>
    <subfield code="c">Soest</subfield>
    <subfield code="D">f</subfield>
    <subfield code="0">(DE-588)7677592-6</subfield>
    <subfield code="0">(uri) https://portal.dnb.de/opac.htm?method=simpleSearch&amp;cqlMode=true&amp;query=idn=997497084</subfield>
    <subfield code="0">(uri) http://viaf.org/viaf/sourceID/DNB|997497084</subfield>
    <subfield code="B">GND-997497084</subfield>
  </datafield>
  <datafield tag="689" ind1="1" ind2="1">
    <subfield code="a">Jugend</subfield>
    <subfield code="D">s</subfield>
    <subfield code="0">(DE-588)4028859-6</subfield>
    <subfield code="0">(uri) https://portal.dnb.de/opac.htm?method=simpleSearch&amp;cqlMode=true&amp;query=idn=040288595</subfield>
    <subfield code="0">(uri) http://viaf.org/viaf/sourceID/DNB|040288595</subfield>
    <subfield code="B">GND-040288595</subfield>
  </datafield>
  <datafield tag="689" ind1="1" ind2="2">
    <subfield code="a">Tanzveranstaltung</subfield>
    <subfield code="D">s</subfield>
    <subfield code="0">(DE-588)4184453-1</subfield>
    <subfield code="0">(uri) https://portal.dnb.de/opac.htm?method=simpleSearch&amp;cqlMode=true&amp;query=idn=04184453X</subfield>
    <subfield code="0">(uri) http://viaf.org/viaf/sourceID/DNB|04184453X</subfield>
    <subfield code="B">GND-04184453X</subfield>
  </datafield>
  <datafield tag="689" ind1="1" ind2="3">
    <subfield code="a">Geschichte 1959-1971</subfield>
    <subfield code="A">z</subfield>
  </datafield>
  <datafield tag="773" ind1="0" ind2="8">
    <subfield code="i">Enthalten in</subfield>
    <subfield code="t">(Dis-)Orienting Sounds / Ralf von Appen, Mario Dunkel (Hg.)</subfield>
    <subfield code="d">Bielefeld, 2019</subfield>
    <subfield code="g">Seite 233-260</subfield>
    <subfield code="k">Beitr&#228;ge zur Popularmusikforschung ; 45</subfield>
    <subfield code="w">(DE-605)HT020255346</subfield>
  </datafield>
  <datafield tag="960" ind1="1" ind2=" ">
    <subfield code="n">NWBib-6</subfield>
  </datafield>
  <datafield tag="964" ind1="0" ind2="s">
    <subfield code="F">030</subfield>
    <subfield code="A">a|zur||||||17</subfield>
  </datafield>
  <datafield tag="964" ind1="0" ind2="s">
    <subfield code="F">050</subfield>
    <subfield code="A">a|a|||||||||||</subfield>
  </datafield>
  <datafield tag="964" ind1="0" ind2="s">
    <subfield code="F">051</subfield>
    <subfield code="A">at||||||</subfield>
  </datafield>
  <datafield tag="035" ind1=" " ind2=" ">
    <subfield code="a">(DE-599)HBZHT020297152</subfield>
  </datafield>
  <datafield tag="MBD" ind1=" " ind2=" ">
    <subfield code="M">49HBZ_NETWORK</subfield>
    <subfield code="i">990364897030206441</subfield>
    <subfield code="n">HBZ Network</subfield>
  </datafield>
  <datafield tag="MNG" ind1=" " ind2=" ">
    <subfield code="c">System</subfield>
    <subfield code="f">ILS</subfield>
    <subfield code="i">marc21</subfield>
    <subfield code="k">01</subfield>
    <subfield code="e">false</subfield>
    <subfield code="d">2021-04-09 18:03:19 Europe/Berlin</subfield>
    <subfield code="g">036489703-HBZ01</subfield>
    <subfield code="j">60</subfield>
    <subfield code="a">import</subfield>
    <subfield code="b">2021-04-05 23:14:16 Europe/Berlin</subfield>
  </datafield>
  <datafield tag="GST" ind1=" " ind2=" ">
    <subfield code="a">Tanz</subfield>
    <subfield code="x">Veranstaltung</subfield>
    <subfield code="A">GND</subfield>
    <subfield code="B">GND-04184453X</subfield>
    <subfield code="C">450</subfield>
  </datafield>
  <datafield tag="GSI" ind1="7" ind2=" ">
    <subfield code="a">http://d-nb.info/gnd/4184453-1</subfield>
    <subfield code="2">uri</subfield>
    <subfield code="A">GND</subfield>
    <subfield code="B">GND-04184453X</subfield>
    <subfield code="C">024</subfield>
  </datafield>
  <datafield tag="GST" ind1=" " ind2=" ">
    <subfield code="a">Jugend</subfield>
    <subfield code="g">12-20 Jahre</subfield>
    <subfield code="A">GND</subfield>
    <subfield code="B">GND-040288595</subfield>
    <subfield code="C">450</subfield>
  </datafield>
  <datafield tag="GST" ind1=" " ind2=" ">
    <subfield code="a">Jugendalter</subfield>
    <subfield code="A">GND</subfield>
    <subfield code="B">GND-040288595</subfield>
    <subfield code="C">450</subfield>
  </datafield>
  <datafield tag="GST" ind1=" " ind2=" ">
    <subfield code="a">Jugendlicher</subfield>
    <subfield code="A">GND</subfield>
    <subfield code="B">GND-040288595</subfield>
    <subfield code="C">450</subfield>
  </datafield>
  <datafield tag="GST" ind1=" " ind2=" ">
    <subfield code="a">Teenager</subfield>
    <subfield code="A">GND</subfield>
    <subfield code="B">GND-040288595</subfield>
    <subfield code="C">450</subfield>
  </datafield>
  <datafield tag="GSI" ind1="7" ind2=" ">
    <subfield code="a">http://d-nb.info/gnd/4028859-6</subfield>
    <subfield code="2">uri</subfield>
    <subfield code="A">GND</subfield>
    <subfield code="B">GND-040288595</subfield>
    <subfield code="C">024</subfield>
  </datafield>
  <datafield tag="GKS" ind1="2" ind2=" ">
    <subfield code="a">Soester Allerheiligenkirmes</subfield>
    <subfield code="c">Soest</subfield>
    <subfield code="A">GND</subfield>
    <subfield code="B">GND-997497084</subfield>
    <subfield code="C">411</subfield>
  </datafield>
  <datafield tag="GSI" ind1="7" ind2=" ">
    <subfield code="a">http://d-nb.info/gnd/7677592-6</subfield>
    <subfield code="2">uri</subfield>
    <subfield code="A">GND</subfield>
    <subfield code="B">GND-997497084</subfield>
    <subfield code="C">024</subfield>
  </datafield>
  <datafield tag="GKS" ind1="2" ind2=" ">
    <subfield code="a">KdJ</subfield>
    <subfield code="4">abku</subfield>
    <subfield code="4">https://d-nb.info/standards/elementset/gnd#abbreviatedNameForTheConferenceOrEvent</subfield>
    <subfield code="w">r</subfield>
    <subfield code="i">Abkuerzung</subfield>
    <subfield code="j">Abkuerzung</subfield>
    <subfield code="A">GND</subfield>
    <subfield code="B">GND-1200563662</subfield>
    <subfield code="C">411</subfield>
  </datafield>
  <datafield tag="GSI" ind1="7" ind2=" ">
    <subfield code="a">1200563662</subfield>
    <subfield code="0">http://d-nb.info/gnd/1200563662</subfield>
    <subfield code="2">gnd</subfield>
    <subfield code="A">GND</subfield>
    <subfield code="B">GND-1200563662</subfield>
    <subfield code="C">024</subfield>
  </datafield>
  <datafield tag="GSI" ind1="7" ind2=" ">
    <subfield code="a">135325900</subfield>
    <subfield code="0">http://d-nb.info/gnd/135325900</subfield>
    <subfield code="2">gnd</subfield>
    <subfield code="A">GND</subfield>
    <subfield code="B">GND-135325900</subfield>
    <subfield code="C">024</subfield>
  </datafield>
</record>